<record><leader>00000cas a2200000 a 4500</leader><controlfield tag="001">10352278</controlfield><controlfield tag="008">840130d18441845mauwr ne      0   a0eng c</controlfield><datafield ind1=" " ind2=" " tag="010"><subfield code="a">sn 84022215 </subfield></datafield><datafield ind1=" " ind2=" " tag="040"><subfield code="a">NPX</subfield><subfield code="b">eng</subfield><subfield code="c">NPX</subfield><subfield code="d">NPU</subfield><subfield code="d">MGN</subfield><subfield code="d">KNP</subfield><subfield code="d">MGN</subfield><subfield code="d">CNW</subfield><subfield code="d">NVF</subfield><subfield code="d">OCL</subfield><subfield code="d">DCN</subfield><subfield code="d">OCL</subfield><subfield code="d">OCLCG</subfield><subfield code="d">KRTAS</subfield><subfield code="d">CUI</subfield><subfield code="d">NVF</subfield><subfield code="d">OCLCQ</subfield><subfield code="d">OCLCF</subfield><subfield code="d">OCLCO</subfield><subfield code="d">CUS</subfield></datafield><datafield ind1=" " ind2=" " tag="042"><subfield code="a">pcc</subfield></datafield><datafield ind1=" " ind2=" " tag="043"><subfield code="a">n-us-ma</subfield></datafield><datafield ind1=" " ind2="4" tag="050"><subfield code="a">AN</subfield></datafield><datafield ind1="0" ind2="0" tag="245"><subfield code="a">Emancipator and weekly chronicle.</subfield></datafield><datafield ind1=" " ind2=" " tag="260"><subfield code="a">Boston [Mass.] :</subfield><subfield code="b">Leavitt &amp; Alden,</subfield><subfield code="c">1844-1845.</subfield></datafield><datafield ind1="3" ind2=" " tag="260"><subfield code="3">Sept. 24-Oct. 8, 1845</subfield><subfield code="a">Boston [Mass.] :</subfield><subfield code="b">Hiram Cummings</subfield></datafield><datafield ind1=" " ind2=" " tag="300"><subfield code="a">3 v.</subfield></datafield><datafield ind1=" " ind2=" " tag="310"><subfield code="a">Weekly</subfield></datafield><datafield ind1="0" ind2=" " tag="362"><subfield code="a">Vol. 8, no. 47 (Mar. 27, 1844)-v. 10, no. 24 (Oct. 8, 1845) = whole no. 412-whole no. 492.</subfield></datafield><datafield ind1=" " ind2=" " tag="500"><subfield code="a">Editor: J. Leavitt, &lt;1845&gt;.</subfield></datafield><datafield ind1=" " ind2=" " tag="500"><subfield code="a">Liberty Party.</subfield></datafield><datafield ind1=" " ind2=" " tag="580"><subfield code="a">Daily ed.: Morning chronicle (Boston, Mass. : 1844).</subfield></datafield><datafield ind1="2" ind2="0" tag="610"><subfield code="a">Liberty Party (U.S. : 1840-1848)</subfield><subfield code="v">Newspapers.</subfield></datafield><datafield ind1=" " ind2="0" tag="650"><subfield code="a">Antislavery movements</subfield><subfield code="z">United States</subfield><subfield code="v">Newspapers.</subfield></datafield><datafield ind1=" " ind2="0" tag="651"><subfield code="a">Boston (Mass.)</subfield><subfield code="v">Newspapers.</subfield></datafield><datafield ind1=" " ind2="0" tag="651"><subfield code="a">Suffolk County (Mass.)</subfield><subfield code="v">Newspapers.</subfield></datafield><datafield ind1="2" ind2="7" tag="610"><subfield code="a">Liberty Party (U.S. : 1840-1848)</subfield><subfield code="2">fast</subfield><subfield code="0">(OCoLC)fst01718563</subfield></datafield><datafield ind1=" " ind2="7" tag="650"><subfield code="a">Antislavery movements.</subfield><subfield code="2">fast</subfield><subfield code="0">(OCoLC)fst00810800</subfield></datafield><datafield ind1=" " ind2="7" tag="651"><subfield code="a">Massachusetts</subfield><subfield code="z">Boston.</subfield><subfield code="2">fast</subfield><subfield code="0">(OCoLC)fst01205012</subfield></datafield><datafield ind1=" " ind2="7" tag="651"><subfield code="a">Massachusetts</subfield><subfield code="z">Suffolk County.</subfield><subfield code="2">fast</subfield><subfield code="0">(OCoLC)fst01206189</subfield></datafield><datafield ind1=" " ind2="7" tag="651"><subfield code="a">United States.</subfield><subfield code="2">fast</subfield><subfield code="0">(OCoLC)fst01204155</subfield></datafield><datafield ind1=" " ind2="7" tag="655"><subfield code="a">Newspapers.</subfield><subfield code="2">fast</subfield><subfield code="0">(OCoLC)fst01423814</subfield></datafield><datafield ind1="1" ind2=" " tag="700"><subfield code="a">Leavitt, Joshua,</subfield><subfield code="d">1794-1873.</subfield></datafield><datafield ind1=" " ind2=" " tag="752"><subfield code="a">United States</subfield><subfield code="b">Massachusetts</subfield><subfield code="c">Suffolk</subfield><subfield code="d">Boston.</subfield></datafield><datafield ind1="1" ind2=" " tag="775"><subfield code="t">Morning chronicle (Boston, Mass. : 1844)</subfield><subfield code="w">(DLC)sn 83020868</subfield><subfield code="w">(OCoLC)9606973</subfield></datafield><datafield ind1="0" ind2="8" tag="776"><subfield code="i">Online version:</subfield><subfield code="t">Emancipator and weekly chronicle</subfield><subfield code="w">(OCoLC)612078841</subfield></datafield><datafield ind1="0" ind2="0" tag="780"><subfield code="t">Emancipator and free American</subfield><subfield code="w">(DLC)sn 83030400</subfield><subfield code="w">(OCoLC)9502892</subfield></datafield><datafield ind1="0" ind2="0" tag="785"><subfield code="t">Emancipator (Boston, Mass.)</subfield><subfield code="w">(DLC)sn 84022216</subfield><subfield code="w">(OCoLC)10352375</subfield></datafield><datafield ind1="4" ind2="1" tag="856"><subfield code="3">03/27/1844 to 10/08/1845</subfield><subfield code="u">http://infoweb.newsbank.com/?db=EANX&amp;s_browseRef=decades/1148B187EE739DE8/all.xml</subfield></datafield><datafield ind1=" " ind2=" " tag="938"><subfield code="a">Kirtas Technologies, Inc.</subfield><subfield code="b">KRTS</subfield><subfield code="n">738105</subfield></datafield><datafield ind1="1" ind2=" " tag="029"><subfield code="a">AU@</subfield><subfield code="b">000020128861</subfield></datafield></record>